{"id": "gen9ou-2645435074", "format": "[Gen 9] OU", "players": ["adam_mbrki", "GamingCommence"], "log": "|j|\u2606adam_mbrki\n|j|\u2606GamingCommence\n|t:|1783435995\n|gametype|singles\n|player|p1|adam_mbrki|iris-gen5bw2|1395\n|player|p2|GamingCommence|1|1482\n|gen|9\n|tier|[Gen 9] OU\n|rated|\n|rule|HP Percentage Mod: HP is shown in percentages\n|rule|Endless Battle Clause: Forcing endless battles is banned\n|rule|Species Clause: Limit one of each Pok\u00e9mon\n|rule|OHKO Clause: OHKO moves are banned\n|rule|Evasion Items Clause: Evasion items are banned\n|rule|Evasion Moves Clause: Evasion moves are banned\n|rule|Evasion Abilities Clause: Evasion abilities are banned\n|rule|Sleep Moves Clause: Sleep-inducing moves are banned\n|clearpoke\n|poke|p1|Glimmora, F|\n|poke|p1|Enamorus, F|\n|poke|p1|Landorus-Therian, M|\n|poke|p1|Ogerpon-Wellspring, F|\n|poke|p1|Kingambit, F|\n|poke|p1|Dragapult, M|\n|poke|p2|Clodsire, M|\n|poke|p2|Iron Valiant|\n|poke|p2|Heatran, F|\n|poke|p2|Corviknight, M|\n|poke|p2|Sinistcha-Masterpiece|\n|poke|p2|Alomomola, F|\n|teampreview\n|inactive|Battle timer is ON: inactive players will automatically lose when time's up. (requested by adam_mbrki)\n|\n|t:|1783436004\n|teamsize|p1|6\n|teamsize|p2|6\n|start\n|switch|p1a: Glimmora|Glimmora, F|100/100\n|switch|p2a: Clodsire|Clodsire, M|100/100\n|turn|1\n|\n|t:|1783436012\n|move|p1a: Glimmora|Stealth Rock|p2a: Clodsire\n|-sidestart|p2: GamingCommence|move: Stealth Rock\n|move|p2a: Clodsire|Earthquake|p1a: Glimmora\n|-supereffective|p1a: Glimmora\n|-enditem|p1a: Glimmora|Focus Sash\n|-damage|p1a: Glimmora|1/100\n|-activate|p1a: Glimmora|ability: Toxic Debris\n|-sidestart|p2: GamingCommence|move: Toxic Spikes\n|\n|upkeep\n|turn|2\n|\n|t:|1783436017\n|move|p1a: Glimmora|Explosion|p2a: Clodsire\n|-damage|p2a: Clodsire|42/100\n|faint|p1a: Glimmora\n|move|p2a: Clodsire|Earthquake|p1: Glimmora|[notarget]\n|-fail|p2a: Clodsire\n|\n|upkeep\n|\n|t:|1783436025\n|switch|p1a: Landorus|Landorus-Therian, M, shiny|100/100\n|-ability|p1a: Landorus|Intimidate|boost\n|-unboost|p2a: Clodsire|atk|1\n|turn|3\n|\n|t:|1783436030\n|switch|p2a: Corviknight|Corviknight, M|100/100\n|-damage|p2a: Corviknight|88/100|[from] Stealth Rock\n|-ability|p2a: Corviknight|Pressure\n|move|p1a: Landorus|Taunt|p2a: Corviknight\n|-start|p2a: Corviknight|move: Taunt\n|\n|upkeep\n|turn|4\n|\n|t:|1783436035\n|move|p1a: Landorus|U-turn|p2a: Corviknight\n|-resisted|p2a: Corviknight\n|-crit|p2a: Corviknight\n|-damage|p2a: Corviknight|83/100\n|-damage|p1a: Landorus|84/100|[from] item: Rocky Helmet|[of] p2a: Corviknight\n|\n|t:|1783436041\n|switch|p1a: Dragapult|Dragapult, M|100/100|[from] U-turn\n|move|p2a: Corviknight|U-turn|p1a: Dragapult\n|-resisted|p1a: Dragapult\n|-crit|p1a: Dragapult\n|-damage|p1a: Dragapult|83/100\n|\n|t:|1783436053\n|switch|p2a: Alomomola|Alomomola, F|100/100|[from] U-turn\n|\n|upkeep\n|turn|5\n|\n|t:|1783436065\n|move|p1a: Dragapult|Shadow Ball|p2a: Alomomola\n|-damage|p2a: Alomomola|36/100\n|move|p2a: Alomomola|Flip Turn|p1a: Dragapult\n|-resisted|p1a: Dragapult\n|-damage|p1a: Dragapult|72/100\n|\n|t:|1783436072\n|switch|p2a: Heatran|Heatran, F|100/100|[from] Flip Turn\n|\n|upkeep\n|turn|6\n|\n|t:|1783436080\n|move|p1a: Dragapult|Shadow Ball|p2a: Heatran\n|-damage|p2a: Heatran|45/100\n|move|p2a: Heatran|Magma Storm|p1a: Dragapult\n|-resisted|p1a: Dragapult\n|-damage|p1a: Dragapult|37/100\n|-activate|p1a: Dragapult|move: Magma Storm|[of] p2a: Heatran\n|\n|-damage|p1a: Dragapult|25/100|[from] move: Magma Storm|[partiallytrapped]\n|upkeep\n|turn|7\n|\n|t:|1783436087\n|move|p1a: Dragapult|Shadow Ball|p2a: Heatran\n|-damage|p2a: Heatran|0 fnt\n|faint|p2a: Heatran\n|\n|-end|p1a: Dragapult|Magma Storm|[partiallytrapped]|[silent]\n|upkeep\n|\n|t:|1783436091\n|switch|p2a: Clodsire|Clodsire, M|42/100\n|-sideend|p2: GamingCommence|move: Toxic Spikes|[of] p2a: Clodsire\n|turn|8\n|l|\u2606adam_mbrki\n|inactive|adam_mbrki disconnected and has a minute to reconnect!\n|player|p1|\n|j|\u2606adam_mbrki\n|inactive|adam_mbrki reconnected and has 125 seconds left.\n|player|p1|adam_mbrki|iris-gen5bw2|\n|\n|t:|1783436119\n|switch|p1a: Enamorus|Enamorus, F|100/100\n|move|p2a: Clodsire|Recover|p2a: Clodsire\n|-heal|p2a: Clodsire|92/100\n|\n|upkeep\n|turn|9\n|\n|t:|1783436130\n|switch|p1a: Landorus|Landorus-Therian, M, shiny|84/100\n|-ability|p1a: Landorus|Intimidate|boost\n|-unboost|p2a: Clodsire|atk|1\n|move|p2a: Clodsire|Spikes|p1a: Landorus\n|-sidestart|p1: adam_mbrki|Spikes\n|\n|upkeep\n|turn|10\n|\n|t:|1783436142\n|move|p1a: Landorus|Taunt|p2a: Clodsire\n|-start|p2a: Clodsire|move: Taunt\n|cant|p2a: Clodsire|move: Taunt|Toxic\n|\n|upkeep\n|turn|11\n|\n|t:|1783436148\n|switch|p2a: Corviknight|Corviknight, M|83/100\n|-damage|p2a: Corviknight|71/100|[from] Stealth Rock\n|-ability|p2a: Corviknight|Pressure\n|move|p1a: Landorus|Earthquake|p2a: Corviknight\n|-immune|p2a: Corviknight\n|\n|upkeep\n|turn|12\n|\n|t:|1783436158\n|move|p1a: Landorus|U-turn|p2a: Corviknight\n|-resisted|p2a: Corviknight\n|-damage|p2a: Corviknight|68/100\n|-damage|p1a: Landorus|67/100|[from] item: Rocky Helmet|[of] p2a: Corviknight\n|\n|t:|1783436170\n|switch|p1a: Dragapult|Dragapult, M|25/100|[from] U-turn\n|-damage|p1a: Dragapult|12/100|[from] Spikes\n|move|p2a: Corviknight|Roost|p2a: Corviknight\n|-heal|p2a: Corviknight|100/100\n|-singleturn|p2a: Corviknight|move: Roost\n|\n|upkeep\n|turn|13\n|\n|t:|1783436177\n|switch|p2a: Clodsire|Clodsire, M|92/100\n|move|p1a: Dragapult|Fire Blast|p2a: Clodsire\n|-damage|p2a: Clodsire|63/100\n|\n|upkeep\n|turn|14\n|\n|t:|1783436185\n|move|p1a: Dragapult|Fire Blast|p2a: Clodsire|[miss]\n|-miss|p1a: Dragapult|p2a: Clodsire\n|move|p2a: Clodsire|Recover|p2a: Clodsire\n|-heal|p2a: Clodsire|100/100\n|\n|upkeep\n|turn|15\n|\n|t:|1783436192\n|move|p1a: Dragapult|Fire Blast|p2a: Clodsire\n|-damage|p2a: Clodsire|71/100\n|-status|p2a: Clodsire|brn\n|move|p2a: Clodsire|Spikes|p1a: Dragapult\n|-sidestart|p1: adam_mbrki|Spikes\n|\n|-damage|p2a: Clodsire|65/100 brn|[from] brn\n|upkeep\n|turn|16\n|\n|t:|1783436201\n|move|p1a: Dragapult|Fire Blast|p2a: Clodsire\n|-damage|p2a: Clodsire|35/100 brn\n|move|p2a: Clodsire|Recover|p2a: Clodsire\n|-heal|p2a: Clodsire|86/100 brn\n|\n|-damage|p2a: Clodsire|80/100 brn|[from] brn\n|upkeep\n|turn|17\n|\n|t:|1783436207\n|move|p1a: Dragapult|Fire Blast|p2a: Clodsire\n|-damage|p2a: Clodsire|50/100 brn\n|move|p2a: Clodsire|Recover|p2a: Clodsire\n|-heal|p2a: Clodsire|100/100 brn\n|\n|-damage|p2a: Clodsire|94/100 brn|[from] brn\n|upkeep\n|turn|18\n|\n|t:|1783436213\n|move|p1a: Dragapult|Fire Blast|p2a: Clodsire\n|-damage|p2a: Clodsire|65/100 brn\n|move|p2a: Clodsire|Spikes|p1a: Dragapult\n|-sidestart|p1: adam_mbrki|Spikes\n|\n|-damage|p2a: Clodsire|59/100 brn|[from] brn\n|upkeep\n|turn|19\n|\n|t:|1783436218\n|move|p1a: Dragapult|Fire Blast|p2a: Clodsire\n|-damage|p2a: Clodsire|33/100 brn\n|move|p2a: Clodsire|Recover|p2a: Clodsire\n|-heal|p2a: Clodsire|83/100 brn\n|\n|-damage|p2a: Clodsire|77/100 brn|[from] brn\n|upkeep\n|turn|20\n|\n|t:|1783436224\n|move|p1a: Dragapult|Fire Blast|p2a: Clodsire\n|-damage|p2a: Clodsire|51/100 brn\n|move|p2a: Clodsire|Recover|p2a: Clodsire\n|-heal|p2a: Clodsire|100/100 brn\n|\n|-damage|p2a: Clodsire|94/100 brn|[from] brn\n|upkeep\n|turn|21\n|\n|t:|1783436229\n|-activate|p1a: Dragapult|move: Struggle\n|move|p1a: Dragapult|Struggle|p2a: Clodsire\n|-damage|p2a: Clodsire|80/100 brn\n|-damage|p1a: Dragapult|0 fnt|[from] recoil\n|faint|p1a: Dragapult\n|move|p2a: Clodsire|Toxic|p1: Dragapult|[notarget]\n|-fail|p2a: Clodsire\n|\n|-damage|p2a: Clodsire|74/100 brn|[from] brn\n|upkeep\n|\n|t:|1783436241\n|switch|p1a: Landorus|Landorus-Therian, M, shiny|67/100\n|-ability|p1a: Landorus|Intimidate|boost\n|-unboost|p2a: Clodsire|atk|1\n|turn|22\n|\n|t:|1783436245\n|switch|p2a: Corviknight|Corviknight, M|100/100\n|-damage|p2a: Corviknight|88/100|[from] Stealth Rock\n|-ability|p2a: Corviknight|Pressure\n|move|p1a: Landorus|U-turn|p2a: Corviknight\n|-resisted|p2a: Corviknight\n|-damage|p2a: Corviknight|85/100\n|-damage|p1a: Landorus|51/100|[from] item: Rocky Helmet|[of] p2a: Corviknight\n|\n|t:|1783436249\n|switch|p1a: Enamorus|Enamorus, F|100/100|[from] U-turn\n|\n|upkeep\n|turn|23\n|\n|t:|1783436256\n|switch|p2a: Clodsire|Clodsire, M|74/100 brn\n|move|p1a: Enamorus|Mystical Fire|p2a: Clodsire\n|-damage|p2a: Clodsire|57/100 brn\n|-unboost|p2a: Clodsire|spa|1\n|\n|-damage|p2a: Clodsire|51/100 brn|[from] brn\n|upkeep\n|turn|24\n|\n|t:|1783436264\n|switch|p1a: Landorus|Landorus-Therian, M, shiny|51/100\n|-ability|p1a: Landorus|Intimidate|boost\n|-unboost|p2a: Clodsire|atk|1\n|move|p2a: Clodsire|Toxic|p1a: Landorus\n|-status|p1a: Landorus|tox\n|\n|-damage|p1a: Landorus|45/100 tox|[from] psn\n|-damage|p2a: Clodsire|45/100 brn|[from] brn\n|upkeep\n|turn|25\n|\n|t:|1783436271\n|switch|p2a: Corviknight|Corviknight, M|85/100\n|-damage|p2a: Corviknight|72/100|[from] Stealth Rock\n|-ability|p2a: Corviknight|Pressure\n|move|p1a: Landorus|U-turn|p2a: Corviknight\n|-resisted|p2a: Corviknight\n|-crit|p2a: Corviknight\n|-damage|p2a: Corviknight|68/100\n|-damage|p1a: Landorus|28/100 tox|[from] item: Rocky Helmet|[of] p2a: Corviknight\n|\n|t:|1783436275\n|switch|p1a: Kingambit|Kingambit, F|100/100|[from] U-turn\n|-activate|p1a: Kingambit|ability: Supreme Overlord\n|-start|p1a: Kingambit|fallen2|[silent]\n|-item|p1a: Kingambit|Air Balloon\n|\n|upkeep\n|turn|26\n|\n|t:|1783436278\n|move|p2a: Corviknight|U-turn|p1a: Kingambit\n|-damage|p1a: Kingambit|89/100\n|-enditem|p1a: Kingambit|Air Balloon\n|\n|t:|1783436282\n|switch|p2a: Iron Valiant|Iron Valiant|100/100|[from] U-turn\n|move|p1a: Kingambit|Swords Dance|p1a: Kingambit\n|-boost|p1a: Kingambit|atk|2\n|\n|upkeep\n|turn|27\n|\n|t:|1783436291\n|-end|p2a: Iron Valiant|Quark Drive|[silent]\n|switch|p2a: Corviknight|Corviknight, M|68/100\n|-damage|p2a: Corviknight|55/100|[from] Stealth Rock\n|-ability|p2a: Corviknight|Pressure\n|-terastallize|p1a: Kingambit|Fire\n|move|p1a: Kingambit|Iron Head|p2a: Corviknight\n|-resisted|p2a: Corviknight\n|-crit|p2a: Corviknight\n|-damage|p2a: Corviknight|5/100\n|-damage|p1a: Kingambit|73/100|[from] item: Rocky Helmet|[of] p2a: Corviknight\n|\n|upkeep\n|turn|28\n|\n|t:|1783436301\n|move|p2a: Corviknight|Roost|p2a: Corviknight\n|-heal|p2a: Corviknight|55/100\n|-singleturn|p2a: Corviknight|move: Roost\n|move|p1a: Kingambit|Kowtow Cleave|p2a: Corviknight\n|-damage|p2a: Corviknight|0 fnt\n|-damage|p1a: Kingambit|56/100|[from] item: Rocky Helmet|[of] p2a: Corviknight\n|faint|p2a: Corviknight\n|\n|upkeep\n|\n|t:|1783436310\n|switch|p2a: Alomomola|Alomomola, F|70/100\n|turn|29\n|\n|t:|1783436315\n|move|p1a: Kingambit|Kowtow Cleave|p2a: Alomomola\n|-damage|p2a: Alomomola|2/100\n|move|p2a: Alomomola|Flip Turn|p1a: Kingambit\n|-supereffective|p1a: Kingambit\n|-damage|p1a: Kingambit|33/100\n|\n|t:|1783436322\n|switch|p2a: Iron Valiant|Iron Valiant|100/100|[from] Flip Turn\n|\n|upkeep\n|turn|30\n|\n|t:|1783436335\n|move|p2a: Iron Valiant|Close Combat|p1a: Kingambit\n|-damage|p1a: Kingambit|0 fnt\n|-unboost|p2a: Iron Valiant|def|1\n|-unboost|p2a: Iron Valiant|spd|1\n|faint|p1a: Kingambit\n|-end|p1a: Kingambit|fallen2|[silent]\n|\n|upkeep\n|\n|t:|1783436338\n|switch|p1a: Ogerpon|Ogerpon-Wellspring, F|100/100\n|-damage|p1a: Ogerpon|76/100|[from] Spikes\n|turn|31\n|\n|t:|1783436349\n|-end|p2a: Iron Valiant|Quark Drive|[silent]\n|switch|p2a: Sinistcha|Sinistcha-Masterpiece|100/100\n|move|p1a: Ogerpon|Play Rough|p2a: Sinistcha\n|-damage|p2a: Sinistcha|73/100\n|\n|upkeep\n|turn|32\n|\n|t:|1783436355\n|move|p1a: Ogerpon|U-turn|p2a: Sinistcha\n|-damage|p2a: Sinistcha|54/100\n|\n|t:|1783436358\n|switch|p1a: Enamorus|Enamorus, F|100/100|[from] U-turn\n|move|p2a: Sinistcha|Matcha Gotcha|p1a: Enamorus|[miss]\n|-miss|p2a: Sinistcha|p1a: Enamorus\n|\n|upkeep\n|turn|33\n|\n|t:|1783436370\n|switch|p2a: Clodsire|Clodsire, M|45/100 brn\n|move|p1a: Enamorus|Moonblast|p2a: Clodsire\n|-resisted|p2a: Clodsire\n|-damage|p2a: Clodsire|30/100 brn\n|-unboost|p2a: Clodsire|spa|1\n|\n|-damage|p2a: Clodsire|24/100 brn|[from] brn\n|upkeep\n|turn|34\n|\n|t:|1783436377\n|switch|p1a: Landorus|Landorus-Therian, M, shiny|28/100 tox\n|-ability|p1a: Landorus|Intimidate|boost\n|-unboost|p2a: Clodsire|atk|1\n|move|p2a: Clodsire|Recover|p2a: Clodsire\n|-heal|p2a: Clodsire|74/100 brn\n|\n|-damage|p1a: Landorus|22/100 tox|[from] psn\n|-damage|p2a: Clodsire|68/100 brn|[from] brn\n|upkeep\n|turn|35\n|\n|t:|1783436384\n|move|p1a: Landorus|Earthquake|p2a: Clodsire\n|-supereffective|p2a: Clodsire\n|-damage|p2a: Clodsire|0 fnt\n|faint|p2a: Clodsire\n|\n|-damage|p1a: Landorus|10/100 tox|[from] psn\n|upkeep\n|\n|t:|1783436394\n|switch|p2a: Iron Valiant|Iron Valiant|100/100\n|turn|36\n|\n|t:|1783436410\n|move|p2a: Iron Valiant|Moonblast|p1a: Landorus\n|-damage|p1a: Landorus|0 fnt\n|faint|p1a: Landorus\n|\n|upkeep\n|\n|t:|1783436412\n|switch|p1a: Enamorus|Enamorus, F|100/100\n|turn|37\n|\n|t:|1783436416\n|-terastallize|p2a: Iron Valiant|Electric\n|move|p1a: Enamorus|Moonblast|p2a: Iron Valiant\n|-damage|p2a: Iron Valiant|0 fnt\n|faint|p2a: Iron Valiant\n|-end|p2a: Iron Valiant|Quark Drive|[silent]\n|\n|upkeep\n|\n|t:|1783436422\n|switch|p2a: Sinistcha|Sinistcha-Masterpiece|54/100\n|turn|38\n|\n|t:|1783436425\n|switch|p1a: Ogerpon|Ogerpon-Wellspring, F|76/100\n|-damage|p1a: Ogerpon|51/100|[from] Spikes\n|move|p2a: Sinistcha|Matcha Gotcha|p1a: Ogerpon\n|-damage|p1a: Ogerpon|15/100\n|-heal|p2a: Sinistcha|70/100|[from] drain|[of] p1a: Ogerpon\n|\n|upkeep\n|turn|39\n|\n|t:|1783436436\n|move|p1a: Ogerpon|Wood Hammer|p2a: Sinistcha\n|-resisted|p2a: Sinistcha\n|-damage|p2a: Sinistcha|44/100\n|-damage|p1a: Ogerpon|5/100|[from] Recoil\n|move|p2a: Sinistcha|Strength Sap|p1a: Ogerpon\n|-unboost|p1a: Ogerpon|atk|1\n|-heal|p2a: Sinistcha|100/100\n|\n|upkeep\n|turn|40\n|\n|t:|1783436440\n|move|p1a: Ogerpon|Play Rough|p2a: Sinistcha\n|-crit|p2a: Sinistcha\n|-damage|p2a: Sinistcha|58/100\n|move|p2a: Sinistcha|Calm Mind|p2a: Sinistcha\n|-boost|p2a: Sinistcha|spa|1\n|-boost|p2a: Sinistcha|spd|1\n|\n|upkeep\n|turn|41\n|\n|t:|1783436445\n|move|p1a: Ogerpon|U-turn|p2a: Sinistcha\n|-damage|p2a: Sinistcha|44/100\n|\n|t:|1783436447\n|switch|p1a: Enamorus|Enamorus, F|100/100|[from] U-turn\n|move|p2a: Sinistcha|Matcha Gotcha|p1a: Enamorus|[miss]\n|-miss|p2a: Sinistcha|p1a: Enamorus\n|\n|upkeep\n|turn|42\n|\n|t:|1783436454\n|move|p1a: Enamorus|Mystical Fire|p2a: Sinistcha\n|-supereffective|p2a: Sinistcha\n|-damage|p2a: Sinistcha|23/100\n|-unboost|p2a: Sinistcha|spa|1\n|move|p2a: Sinistcha|Matcha Gotcha|p1a: Enamorus\n|-resisted|p1a: Enamorus\n|-damage|p1a: Enamorus|77/100\n|-heal|p2a: Sinistcha|33/100|[from] drain|[of] p1a: Enamorus\n|\n|upkeep\n|turn|43\n|\n|t:|1783436462\n|move|p1a: Enamorus|Mystical Fire|p2a: Sinistcha\n|-supereffective|p2a: Sinistcha\n|-damage|p2a: Sinistcha|12/100\n|-unboost|p2a: Sinistcha|spa|1\n|move|p2a: Sinistcha|Shadow Ball|p1a: Enamorus\n|-damage|p1a: Enamorus|47/100\n|\n|upkeep\n|turn|44\n|\n|t:|1783436466\n|move|p1a: Enamorus|Mystical Fire|p2a: Sinistcha\n|-supereffective|p2a: Sinistcha\n|-damage|p2a: Sinistcha|0 fnt\n|faint|p2a: Sinistcha\n|\n|upkeep\n|-message|GamingCommence forfeited.\n|\n|win|adam_mbrki\n|raw|adam_mbrki's rating: 1395 &rarr; <strong>1420</strong><br />(+25 for winning)\n|raw|GamingCommence's rating: 1482 &rarr; <strong>1457</strong><br />(-25 for losing)\n|l|\u2606GamingCommence\n|player|p2|\n|l|\u2606adam_mbrki\n|player|p1|\n", "uploadtime": 1783436734, "views": 9, "formatid": "gen9ou", "rating": 1420, "private": 0, "password": null}